% Bibliography of key references for "LaTeX for Thesis and Large Documents"
% For use with BibTeX

@book{goossens.book,
	author =	"Michel Goossens and Tarek Saad and Frank Mittelbach and 
			 Alexander Samarin",
	title =		"The \LaTeX\ Companion",
	year = 		"1994",
	publisher =	"Addison-Wesley",
	address = 	"Reading, Massachusetts"
}

@book{knuth.book,
        author =        "Donald Knuth",
        title =         "The \TeX book",
		  edition = 		"Second",
        year =          "1986",
        publisher =     "Addison-Wesley",
        address =       "Reading, Massachusetts"
}

@book{lamport.book,
	author =        "Leslie Lamport",
	title =         "\LaTeX\ --- A Document Preparation System",
        edition =       "Second",
	year = 		"1994",
	publisher = 	"Addison-Wesley",
	address =       "Reading, Massachusetts"
}

@book{saad.book,
	author =        "Tarek Saad",
	title =         {Traffic Engineering in GMPLS Networks},
	year = 			 "2007",
	publisher = 	 "Addison-Wesley",
	address =       "Reading, Massachusetts"
}

@book{saad1.book,
	author =        "Tarek Saad",
	title =         {Bla blah blah},
	booktitle=      "Book's tile",
	year = 			 "2008",
	publisher = 	 "Addison-Wesley",
	address =       "Reading, Massachusetts"
}

@article{zhang.article_typical,
	author = "S. Zhang and C. Zhu and J. K. O. Sin and P. K. T. Mok",
	title = "A Novel Ultrathin Elevated Channel Low-temperature Poly-{Si} {TFT}",
	journal = "IEEE JOURNAL",
	volume = "20",
	month = nov,
	year = "1999",
	pages = "569-571"
}

@article{okada.articledualmonths,
  author        = "Y. Okada and K. Dejima and T. Ohishi",
  title         = "Analysis and Comparison of {PM} Synchronous Motor and
                   Induction Motor Type Magnetic Bearings",
  journal       = "IEEE JOURNAL",
  volume        = "31",
  month         = sep # "/" # oct,
  year          = "1995",
  pages         = "1047-1053"
}

@inproceedings{gupta.conf_typical,
  author        = "R. K. Gupta and S. D. Senturia",
  title         = "Pull-in Time Dynamics as a Measure of Absolute Pressure",
  booktitle     = "Proc. {IEEE} International Workshop on
                   Microelectromechanical Systems ({MEMS}'97)",
  address       = "Nagoya, Japan",
  month         = jan,
  year          = "1997",
  pages         = "290-294"
}

@article{1052529,
 author = {Steven Chamberland and D\'{e}sir\'{e} Oula\"{\i} Khyda and Samuel Pierre},
 title = {Joint routing and wavelength assignment in wavelength division multiplexing networks for permanent and reliable paths},
 journal = {Comput. Oper. Res.},
 volume = {32},
 number = {5},
 year = {2005},
 issn = {0305-0548},
 pages = {1073--1087},
}

@article{1052530,
 author = {A. Ghanwani and B. Jamoussi and D. Fedyk and P. Ashwood-Smith and L. Li and N. Feldman},
 title = {Traffic Engineering Standards in IP Networks using MPLS},
 journal = {IEEE Communications Magazine},
 volume = {32},
 number = {5},
 year = {1999},
 issn = {0305-0548},
 pages = {1073--1087},
}
